
@online{wikipedia,
  author = {Wikipedia},
  title = {Jogo da Vida},
  url = {https://pt.wikipedia.org/wiki/Jogo_da_vida},
  urldate = {2015-11-05}
}